<collection xmlns="http://www.loc.gov/MARC21/slim">
<record>
  <leader>01984nam0a22003371i 450 </leader>
  <controlfield tag="001">IT\ICCU\CNCE\072360</controlfield>
  <controlfield tag="005">20130424000000.0</controlfield>
  <datafield tag="012" ind1=" " ind2=" ">
    <subfield code="a">c-na o,di lale ropr (3) 1557 (R)</subfield>
    <subfield code="2">fei</subfield>
    <subfield code="9">1</subfield>
  </datafield>
  <datafield tag="012" ind1=" " ind2=" ">
    <subfield code="a">e.ci mir- i-i- uala (3) 1556 (R)</subfield>
    <subfield code="2">fei</subfield>
    <subfield code="9">2</subfield>
  </datafield>
  <datafield tag="100" ind1=" " ind2=" ">
    <subfield code="a">20080122g15561557    0itac0103    ba</subfield>
  </datafield>
  <datafield tag="101" ind1=" " ind2=" ">
    <subfield code="a">ITA</subfield>
  </datafield>
  <datafield tag="102" ind1=" " ind2=" ">
    <subfield code="a">IT</subfield>
  </datafield>
  <datafield tag="200" ind1="1" ind2=" ">
    <subfield code="a">℗Le ℗piaceuoli notti di m. Giouan Francesco Straparola da Carauaggio. Nelle quali si contengono le fauole con i loro enimmi da dieci donne, et duo giouani raccontate, cosa diletteuole, ne pi ̮data in luce. Libro primo \-secondo!</subfield>
  </datafield>
  <datafield tag="210" ind1=" " ind2=" ">
    <subfield code="a">\Venezia!</subfield>
    <subfield code="c">appresso Orfeo Dalla Carta tien per insegna S. Aluise</subfield>
    <subfield code="d">1557</subfield>
    <subfield code="e">In Vinegia</subfield>
    <subfield code="g">per Comin da Trino di Monferrato</subfield>
  </datafield>
  <datafield tag="215" ind1=" " ind2=" ">
    <subfield code="a">2 v.</subfield>
    <subfield code="d">8ʻ</subfield>
  </datafield>
  <datafield tag="300" ind1=" " ind2=" ">
    <subfield code="a">2: \Venezia! : \al segno della Colombina! : appresso Orfeo Dalla Carta a San Bartholamio, 1556 (In Vinegia : per Comin da Trino : ad instanza dell&apos;autore)</subfield>
  </datafield>
  <datafield tag="620" ind1=" " ind2=" ">
    <subfield code="a">IT</subfield>
    <subfield code="d">Venezia</subfield>
  </datafield>
  <datafield tag="700" ind1=" " ind2="1">
    <subfield code="a">Straparola,</subfield>
    <subfield code="b">Gianfrancesco</subfield>
    <subfield code="3">IT\ICCU\CNCA\008098</subfield>
  </datafield>
  <datafield tag="712" ind1="0" ind2="0">
    <subfield code="a">Dalla_Carta, Orfeo</subfield>
    <subfield code="3">IT\ICCU\CNCT\006249</subfield>
    <subfield code="4">650</subfield>
  </datafield>
  <datafield tag="712" ind1="0" ind2="2">
    <subfield code="a">Comin da Trino</subfield>
    <subfield code="3">IT\ICCU\CNCT\000112</subfield>
    <subfield code="4">650</subfield>
  </datafield>
  <datafield tag="712" ind1="0" ind2="2">
    <subfield code="a">℗al segno della ℗Colombina</subfield>
    <subfield code="c"> &lt;1549-1563&gt;</subfield>
    <subfield code="3">IT\ICCU\CNCT\001725</subfield>
    <subfield code="4">650</subfield>
  </datafield>
  <datafield tag="791" ind1="0" ind2="0">
    <subfield code="a">Carta, Orfeo dalla</subfield>
    <subfield code="3">IT\ICCU\CNCT\006250</subfield>
    <subfield code="z">Dalla_Carta, Orfeo</subfield>
  </datafield>
  <datafield tag="791" ind1="0" ind2="2">
    <subfield code="a">Cominus de Tridino</subfield>
    <subfield code="3">IT\ICCU\CNCT\004645</subfield>
    <subfield code="z">Comin da Trino</subfield>
  </datafield>
  <datafield tag="791" ind1="0" ind2="0">
    <subfield code="a">Trino, Comin</subfield>
    <subfield code="3">IT\ICCU\CNCT\004646</subfield>
    <subfield code="z">Comin da Trino</subfield>
  </datafield>
  <datafield tag="801" ind1=" " ind2="3">
    <subfield code="a">IT</subfield>
    <subfield code="b">ICCU</subfield>
    <subfield code="c">20201115</subfield>
  </datafield>
  <datafield tag="899" ind1=" " ind2=" ">
    <subfield code="a">Biblioteca Angelica. Roma</subfield>
    <subfield code="1">RM0290</subfield>
    <subfield code="2">RML 06</subfield>
  </datafield>
  <datafield tag="899" ind1=" " ind2=" ">
    <subfield code="a">British Library. London</subfield>
    <subfield code="1">UK0001</subfield>
  </datafield>
  <datafield tag="911" ind1=" " ind2=" ">
    <subfield code="a">Sul front. del vol. 1 e sul colophon del vol. 2</subfield>
    <subfield code="9">IT\ICCU\CNCM\001688</subfield>
  </datafield>
  <datafield tag="911" ind1=" " ind2=" ">
    <subfield code="a">Sul front. del v. 2</subfield>
    <subfield code="9">IT\ICCU\CNCM\000473</subfield>
  </datafield>
  <datafield tag="921" ind1=" " ind2=" ">
    <subfield code="a">IT\ICCU\CNCM\001688</subfield>
    <subfield code="b">Candeliere acceso sostenuto da due satiri</subfield>
    <subfield code="e">Lux fulget in tenebris</subfield>
    <subfield code="c">V327</subfield>
    <subfield code="c">Z194</subfield>
    <subfield code="d">Dimensioni: 4,5 x 5,5</subfield>
    <subfield code="f">CANDELIERE</subfield>
    <subfield code="f">SATIRI</subfield>
    <subfield code="g">1550-1558</subfield>
  </datafield>
  <datafield tag="921" ind1=" " ind2=" ">
    <subfield code="a">IT\ICCU\CNCM\000473</subfield>
    <subfield code="b">Colomba tiene nel becco un ramoscello d&apos;olivo.</subfield>
    <subfield code="e">Pacem mecum porto</subfield>
    <subfield code="c">V328</subfield>
    <subfield code="c">Z356</subfield>
    <subfield code="f">COLOMBA</subfield>
    <subfield code="f">OLIVO</subfield>
    <subfield code="f">PACEMMECUM</subfield>
    <subfield code="g">1543-1556</subfield>
  </datafield>
</record>
</collection>
